<?xml version="1.0" encoding="UTF-8"?><record xmlns="http://www.loc.gov/MARC21/slim" xmlns:cinclude="http://apache.org/cocoon/include/1.0" xmlns:zs="http://www.loc.gov/zing/srw/">
  <leader>00555nz  a2200145n  4500</leader>
  <controlfield tag="001">no2003011334</controlfield>
  <controlfield tag="003">DLC</controlfield>
  <controlfield tag="005">20030206053952.0</controlfield>
  <controlfield tag="008">030205n| acannaabn          |a anc      </controlfield>
  <datafield tag="010" ind1=" " ind2=" ">
    <subfield code="a">no2003011334</subfield>
  </datafield>
  <datafield tag="035" ind1=" " ind2=" ">
    <subfield code="a">(OCoLC)oca05966111</subfield>
  </datafield>
  <datafield tag="040" ind1=" " ind2=" ">
    <subfield code="a">DLC-S</subfield>
    <subfield code="b">eng</subfield>
    <subfield code="c">DLC-S</subfield>
  </datafield>
  <datafield tag="110" ind1="2" ind2=" ">
    <subfield code="a">Ukrainskiĭ transportnyĭ universytet</subfield>
  </datafield>
  <datafield tag="410" ind1="1" ind2=" ">
    <subfield code="a">Ukraine.</subfield>
    <subfield code="b">Ministerstvo obrazovanii︠a︡.</subfield>
    <subfield code="b">Ukrainskiĭ transportnyĭ universitet</subfield>
  </datafield>
  <datafield tag="670" ind1=" " ind2=" ">
    <subfield code="a">Gidravlika i gidrotekhnika, 60, publ. in 1999:</subfield>
    <subfield code="b">t.p. (Ministerstvo obrazovanii︠a︡ Ukrainy, Ukrainskiĭ transportnyĭ universitet)</subfield>
  </datafield>
</record>